@ONLINE {ref:poisson,
    author ={{Engineer's Edge}},
    title  = {Poisson's Ratio Metals Materials Chart},
    url    = {http://www.engineersedge.com/materials/poissons_ratio_metals_materials_chart_13160.htm}
}
@ONLINE {ref:young,
    author ={{MEMSnet}},
    title  = {Material: Aluminum (Al)},
    url    = {http://www.memsnet.org/material/aluminumalbulk/}
}
