@ONLINE {ref:h,
    author ={{The NIST Reference on Constants, Units and Uncertainties}},
    title  = {Planck's constant},
    url    = {http://physics.nist.gov/cgi-bin/cuu/Value?h}
}
@ONLINE {ref:e,
    author ={{The NIST Reference on Constants, Units and Uncertainties}},
    title  = {Elementary Charge},
    url    = {http://physics.nist.gov/cgi-bin/cuu/Value?e|search_for=e}
}
@ONLINE {ref:nobel,
    author = {{Nobel Media AB}},
    title  = {The Nobel Prize in Physics 1921},
    year = 2017,
    url    = {http://www.nobelprize.org/nobel_prizes/physics/laureates/1921/}
}
