@ONLINE {ref:young,
    author ={{The Engineering ToolBox}},
    title  = {Modulus of Elasticity or Young's Modulus - and Tensile Modulus for common Materials},
    url    = {http://www.engineeringtoolbox.com/young-modulus-d_417.html}
}

@ONLINE {ref:carbon,
    author ={{Cambridge University Engineering Department}},
    title  = {Materials Data Book},
    url    = {http://www-mdp.eng.cam.ac.uk/web/library/enginfo/cueddatabooks/materials.pdf}
}
